@misc{workplace-drug-testing,
  author = "Drug and Alcohol Testing Industry Association",
  title = "Workplace Drug Testing",
  howpublished = "\url{http://www.datia.org/component/content/article/27-industry-profile/931-workplace-drug-testing.html}"
}

@misc{drug-testing,
    author = "Connecticut Clearinghouse",
    title = "Drug Testing",
    howpublished = "\url{https://www.ctclearinghouse.org/topics/drug-testing}"
}

@misc{drug-data,
    year = 2016,
    author = "E. Fehrman and V. Egan and E. Mirkes",
    title = "Drug Consumption (Quantified) Data Set",
    howpublished = "\url{https://archive.ics.uci.edu/ml/datasets/Drug+consumption+\%28quantified\%29}"
}

@misc{cdc-drug,
    year = 2017,
    author = "Centers for Disease Control and Prevention",
    title = "Illicit Drug Use",
    howpublished = "\url{https://www.cdc.gov/nchs/fastats/drug-use-illicit.htm}"
}


